@book{Martinez-Gros2014,
    author = {Martinez-Gros, Gabriel},
    citeulike-article-id = {14527374},
    citeulike-linkout-0 = {http://www.worldcat.org/isbn/2757856820},
    citeulike-linkout-1 = {http://books.google.com/books?vid=ISBN2757856820},
    citeulike-linkout-2 = {http://www.amazon.com/gp/search?keywords=2757856820\&index=books\&linkCode=qs},
    citeulike-linkout-3 = {http://www.librarything.com/isbn/2757856820},
    citeulike-linkout-4 = {http://www.worldcat.org/oclc/946221678},
    isbn = {2757856820},
    keywords = {history},
    posted-at = {2018-01-31 09:11:48},
    priority = {2},
    title = {Br\`{e}ve histoire des empires : comment ils surgissent, comment ils s'effondrent},
    url = {http://www.worldcat.org/isbn/2757856820},
    year = {2016}
}

@book{Minois2016,
    author = {Minois, Georges},
    citeulike-article-id = {14517273},
    citeulike-linkout-0 = {http://www.worldcat.org/isbn/9782262050382},
    citeulike-linkout-1 = {http://books.google.com/books?vid=ISBN9782262050382},
    citeulike-linkout-2 = {http://www.amazon.com/gp/search?keywords=9782262050382\&index=books\&linkCode=qs},
    citeulike-linkout-3 = {http://www.librarything.com/isbn/9782262050382},
    citeulike-linkout-4 = {http://www.worldcat.org/oclc/968136996},
    isbn = {9782262050382},
    keywords = {history},
    posted-at = {2018-01-15 21:39:47},
    priority = {2},
    publisher = {Perrin},
    title = {Histoire du Moyen Age : mille ans de splendeurs et mis\`{e}res},
    url = {http://www.worldcat.org/isbn/9782262050382},
    year = {2016}
}

@book{Grousset1942,
    author = {Grousset, Ren\'{e}},
    citeulike-article-id = {14516315},
    keywords = {history},
    posted-at = {2018-01-13 14:37:59},
    priority = {2},
    title = {Histoire de la Chine},
    year = {1942}
}

@book{citeulike:14315076,
    citeulike-article-id = {14315076},
    citeulike-linkout-0 = {http://www.amazon.ca/exec/obidos/redirect?tag=citeulike09-20\&amp;path=ASIN/2213677204},
    citeulike-linkout-1 = {http://www.amazon.de/exec/obidos/redirect?tag=citeulike01-21\&amp;path=ASIN/2213677204},
    citeulike-linkout-2 = {http://www.amazon.fr/exec/obidos/redirect?tag=citeulike06-21\&amp;path=ASIN/2213677204},
    citeulike-linkout-3 = {http://www.amazon.jp/exec/obidos/ASIN/2213677204},
    citeulike-linkout-4 = {http://www.amazon.co.uk/exec/obidos/ASIN/2213677204/citeulike00-21},
    citeulike-linkout-5 = {http://www.amazon.com/exec/obidos/redirect?tag=citeulike07-20\&path=ASIN/2213677204},
    citeulike-linkout-6 = {http://www.worldcat.org/isbn/2213677204},
    citeulike-linkout-7 = {http://books.google.com/books?vid=ISBN2213677204},
    citeulike-linkout-8 = {http://www.amazon.com/gp/search?keywords=2213677204\&index=books\&linkCode=qs},
    citeulike-linkout-9 = {http://www.librarything.com/isbn/2213677204},
    howpublished = {Paperback},
    isbn = {2213677204},
    keywords = {history, toread},
    posted-at = {2017-03-21 09:47:15},
    priority = {2},
    title = {Histoire politique de l'affaire Dreyfus},
    url = {http://www.amazon.com/exec/obidos/redirect?tag=citeulike07-20\&path=ASIN/2213677204}
}

@book{Baslez2001,
    author = {Baslez, Marie-Fran\c{c}oise},
    citeulike-article-id = {13840385},
    keywords = {history},
    posted-at = {2015-11-17 21:42:21},
    priority = {2},
    publisher = {Nathan},
    title = {Histoire politique du monde grec antique},
    year = {2001}
}

@book{TiteLiveXXVI,
    author = {Tite-Live},
    citeulike-article-id = {13838406},
    keywords = {rome},
    posted-at = {2015-11-14 15:38:36},
    priority = {2},
    publisher = {Flammarion},
    title = {Histoire romaine, livres {XXVI} \`{a} {XXX} : La seconde guerre punique {II}},
    year = {1999}
}

@book{TiteLiveXLI,
    author = {Tite-Live},
    citeulike-article-id = {13838404},
    keywords = {rome},
    posted-at = {2015-11-14 15:37:47},
    priority = {2},
    publisher = {Flammarion},
    title = {Histoire romaine, livres {XLI} \`{a} {XLV} : Les progr\`{e}s de l'h\'{e}g\'{e}monie romaine},
    year = {1999}
}

@book{TiteLiveVI,
    author = {Tite-Live},
    citeulike-article-id = {13838401},
    keywords = {rome},
    posted-at = {2015-11-14 15:33:02},
    priority = {2},
    publisher = {Flammarion},
    title = {Histoire romaine, livres {VI} \`{a} X : La conqu\^{e}te de {l'Italie}},
    year = {1999}
}

@book{TiteLiveXXI,
    author = {Tite-Live},
    citeulike-article-id = {13838400},
    keywords = {rome},
    posted-at = {2015-11-14 15:32:14},
    priority = {2},
    publisher = {Flammarion},
    title = {Histoire romaine, livres {XXI} \`{a} {XXV} : La seconde guerre punique I},
    year = {1999}
}

@book{TiteLiveXXXI,
    author = {Tite-Live},
    citeulike-article-id = {13838399},
    keywords = {rome},
    posted-at = {2015-11-14 15:31:31},
    priority = {2},
    publisher = {Flammarion},
    title = {Histoire romaine, livres {XXXI} \`{a} {XXXV} : La lib\'{e}ration de la Gr\`{e}ce},
    year = {1999}
}

@book{TiteLiveI,
    author = {Tite-Live},
    citeulike-article-id = {13838397},
    keywords = {rome},
    posted-at = {2015-11-14 15:28:53},
    priority = {2},
    publisher = {Flammarion},
    title = {Histoire romaine, livre I \`{a} V : De la fondation de Rome \`{a} l'invasion gauloise},
    year = {1999}
}

@book{Jouanna1996,
    author = {Jouanna, Arlette},
    citeulike-article-id = {13823519},
    keywords = {history},
    posted-at = {2015-11-02 21:37:15},
    priority = {2},
    publisher = {PUF},
    title = {La France du 16e si\`{e}cle : 1483-1598},
    year = {1996}
}

@book{Anceau2005,
    author = {Anceau, Eric},
    citeulike-article-id = {13823514},
    keywords = {history},
    posted-at = {2015-11-02 21:05:00},
    priority = {2},
    publisher = {Belin},
    title = {Introduction au {XIXe} si\`{e}cle : Tome 2, 1871-1914},
    year = {2005}
}

@book{Anceau2003,
    author = {Anceau, Eric},
    citeulike-article-id = {13823513},
    keywords = {history},
    posted-at = {2015-11-02 21:03:14},
    priority = {2},
    publisher = {Belin},
    title = {Introduction au {XIXe} si\`{e}cle : Tome 1, 1815-1870},
    volume = {1},
    year = {2003}
}

@book{Saupin2010,
    author = {Saupin, Guy},
    citeulike-article-id = {13818323},
    citeulike-linkout-0 = {http://www.amazon.ca/exec/obidos/redirect?tag=citeulike09-20\&amp;path=ASIN/2200255756},
    citeulike-linkout-1 = {http://www.amazon.de/exec/obidos/redirect?tag=citeulike01-21\&amp;path=ASIN/2200255756},
    citeulike-linkout-2 = {http://www.amazon.fr/exec/obidos/redirect?tag=citeulike06-21\&amp;path=ASIN/2200255756},
    citeulike-linkout-3 = {http://www.amazon.jp/exec/obidos/ASIN/2200255756},
    citeulike-linkout-4 = {http://www.amazon.co.uk/exec/obidos/ASIN/2200255756/citeulike00-21},
    citeulike-linkout-5 = {http://www.amazon.com/exec/obidos/redirect?tag=citeulike07-20\&path=ASIN/2200255756},
    citeulike-linkout-6 = {http://www.worldcat.org/isbn/2200255756},
    citeulike-linkout-7 = {http://books.google.com/books?vid=ISBN2200255756},
    citeulike-linkout-8 = {http://www.amazon.com/gp/search?keywords=2200255756\&index=books\&linkCode=qs},
    citeulike-linkout-9 = {http://www.librarything.com/isbn/2200255756},
    edition = {ARMAND COLIN},
    howpublished = {Paperback},
    isbn = {2200255756},
    keywords = {history},
    posted-at = {2015-10-31 11:20:26},
    priority = {2},
    publisher = {Armand Colin},
    title = {La France \`{a} l'\'{e}poque moderne},
    url = {http://www.amazon.com/exec/obidos/redirect?tag=citeulike07-20\&path=ASIN/2200255756},
    year = {2010}
}

@book{Bourel2013,
    author = {Guillaume, Bourel and Chevallier, Marielle and Joubert, Guillaume and Guillausseau, Axelle},
    citeulike-article-id = {13818322},
    citeulike-linkout-0 = {http://www.amazon.ca/exec/obidos/redirect?tag=citeulike09-20\&amp;path=ASIN/2218965216},
    citeulike-linkout-1 = {http://www.amazon.de/exec/obidos/redirect?tag=citeulike01-21\&amp;path=ASIN/2218965216},
    citeulike-linkout-2 = {http://www.amazon.fr/exec/obidos/redirect?tag=citeulike06-21\&amp;path=ASIN/2218965216},
    citeulike-linkout-3 = {http://www.amazon.jp/exec/obidos/ASIN/2218965216},
    citeulike-linkout-4 = {http://www.amazon.co.uk/exec/obidos/ASIN/2218965216/citeulike00-21},
    citeulike-linkout-5 = {http://www.amazon.com/exec/obidos/redirect?tag=citeulike07-20\&path=ASIN/2218965216},
    citeulike-linkout-6 = {http://www.worldcat.org/isbn/2218965216},
    citeulike-linkout-7 = {http://books.google.com/books?vid=ISBN2218965216},
    citeulike-linkout-8 = {http://www.amazon.com/gp/search?keywords=2218965216\&index=books\&linkCode=qs},
    citeulike-linkout-9 = {http://www.librarything.com/isbn/2218965216},
    day = {30},
    howpublished = {Paperback},
    isbn = {2218965216},
    keywords = {history},
    month = jul,
    posted-at = {2015-10-31 11:18:19},
    priority = {2},
    publisher = {Bescherelle},
    title = {Chronologie de l'histoire de France: des origines \`{a} nos jours},
    url = {http://www.amazon.com/exec/obidos/redirect?tag=citeulike07-20\&path=ASIN/2218965216},
    year = {2013}
}

@book{Beaurepaire2013,
    author = {Beaurepaire, Pierre-Yves},
    citeulike-article-id = {13802449},
    keywords = {history},
    posted-at = {2015-10-14 18:02:12},
    priority = {2},
    publisher = {PUF},
    series = {Que sais-je ?},
    title = {{L'Europe} des Lumi\`{e}res}
}

@book{Tallon2013,
    author = {Tallon, Allain},
    citeulike-article-id = {13801703},
    isbn = {978-2-13-062424-0},
    keywords = {history},
    posted-at = {2015-10-14 07:34:57},
    priority = {2},
    publisher = {PUF},
    series = {Que sais-je ?},
    title = {{L'Europe} de la Renaissance}
}

@article{Michalakes2015,
    author = {Michalakes, John},
    citeulike-article-id = {13799350},
    citeulike-linkout-0 = {http://www.pawsey.org.au/wp-content/uploads/2015/09/Pawsey\_HPC\_Technology\_Update\_20150923.pdf},
    keywords = {phd},
    posted-at = {2015-10-11 14:56:36},
    priority = {2},
    title = {Evaluating Performance and Scalability of
Candidate Dynamical Cores for the
Next Generation Global Prediction System},
    url = {http://www.pawsey.org.au/wp-content/uploads/2015/09/Pawsey\_HPC\_Technology\_Update\_20150923.pdf}
}

@book{Caron2007,
    author = {Caron, Jean-Claude and Vernus, Michel},
    citeulike-article-id = {13721937},
    editor = {Colin, Armand},
    keywords = {history},
    posted-at = {2015-08-29 19:36:12},
    priority = {2},
    title = {{L'Europe} au 19e si\`{e}cle: Des nations aux nationalismes (1815-1914)}
}

@book{LeBohec2005,
    author = {Le Bohec, Yann},
    citeulike-article-id = {13698664},
    citeulike-linkout-0 = {http://www.amazon.ca/exec/obidos/redirect?tag=citeulike09-20\&amp;path=ASIN/2708407449},
    citeulike-linkout-1 = {http://www.amazon.de/exec/obidos/redirect?tag=citeulike01-21\&amp;path=ASIN/2708407449},
    citeulike-linkout-2 = {http://www.amazon.fr/exec/obidos/redirect?tag=citeulike06-21\&amp;path=ASIN/2708407449},
    citeulike-linkout-3 = {http://www.amazon.jp/exec/obidos/ASIN/2708407449},
    citeulike-linkout-4 = {http://www.amazon.co.uk/exec/obidos/ASIN/2708407449/citeulike00-21},
    citeulike-linkout-5 = {http://www.amazon.com/exec/obidos/redirect?tag=citeulike07-20\&path=ASIN/2708407449},
    citeulike-linkout-6 = {http://www.worldcat.org/isbn/2708407449},
    citeulike-linkout-7 = {http://books.google.com/books?vid=ISBN2708407449},
    citeulike-linkout-8 = {http://www.amazon.com/gp/search?keywords=2708407449\&index=books\&linkCode=qs},
    citeulike-linkout-9 = {http://www.librarything.com/isbn/2708407449},
    edition = {PICARD},
    howpublished = {Paperback},
    isbn = {2708407449},
    keywords = {rome},
    posted-at = {2015-08-09 16:14:40},
    priority = {2},
    publisher = {PICARD},
    title = {L'arm\'{e}e romaine sous le {Haut-Empire}},
    url = {http://www.amazon.com/exec/obidos/redirect?tag=citeulike07-20\&path=ASIN/2708407449},
    year = {2005}
}

@book{LeBohec2006,
    author = {Le Bohec, Yann},
    citeulike-article-id = {13698663},
    citeulike-linkout-0 = {http://www.amazon.ca/exec/obidos/redirect?tag=citeulike09-20\&amp;path=ASIN/2708407651},
    citeulike-linkout-1 = {http://www.amazon.de/exec/obidos/redirect?tag=citeulike01-21\&amp;path=ASIN/2708407651},
    citeulike-linkout-2 = {http://www.amazon.fr/exec/obidos/redirect?tag=citeulike06-21\&amp;path=ASIN/2708407651},
    citeulike-linkout-3 = {http://www.amazon.jp/exec/obidos/ASIN/2708407651},
    citeulike-linkout-4 = {http://www.amazon.co.uk/exec/obidos/ASIN/2708407651/citeulike00-21},
    citeulike-linkout-5 = {http://www.amazon.com/exec/obidos/redirect?tag=citeulike07-20\&path=ASIN/2708407651},
    citeulike-linkout-6 = {http://www.worldcat.org/isbn/2708407651},
    citeulike-linkout-7 = {http://books.google.com/books?vid=ISBN2708407651},
    citeulike-linkout-8 = {http://www.amazon.com/gp/search?keywords=2708407651\&index=books\&linkCode=qs},
    citeulike-linkout-9 = {http://www.librarything.com/isbn/2708407651},
    howpublished = {Paperback},
    isbn = {2708407651},
    keywords = {rome},
    posted-at = {2015-08-09 16:13:59},
    priority = {2},
    publisher = {A. et J. Picard},
    title = {{L'Arm\'{e}e} Romaine sous le {Bas-Empire}},
    url = {http://www.amazon.com/exec/obidos/redirect?tag=citeulike07-20\&path=ASIN/2708407651}
}

@book{Golvin2006,
    author = {Golvin, Jean-Claude and Salles, Catherine},
    citeulike-article-id = {13698660},
    citeulike-linkout-0 = {http://www.amazon.ca/exec/obidos/redirect?tag=citeulike09-20\&amp;path=ASIN/2877723429},
    citeulike-linkout-1 = {http://www.amazon.de/exec/obidos/redirect?tag=citeulike01-21\&amp;path=ASIN/2877723429},
    citeulike-linkout-2 = {http://www.amazon.fr/exec/obidos/redirect?tag=citeulike06-21\&amp;path=ASIN/2877723429},
    citeulike-linkout-3 = {http://www.amazon.jp/exec/obidos/ASIN/2877723429},
    citeulike-linkout-4 = {http://www.amazon.co.uk/exec/obidos/ASIN/2877723429/citeulike00-21},
    citeulike-linkout-5 = {http://www.amazon.com/exec/obidos/redirect?tag=citeulike07-20\&path=ASIN/2877723429},
    citeulike-linkout-6 = {http://www.worldcat.org/isbn/2877723429},
    citeulike-linkout-7 = {http://books.google.com/books?vid=ISBN2877723429},
    citeulike-linkout-8 = {http://www.amazon.com/gp/search?keywords=2877723429\&index=books\&linkCode=qs},
    citeulike-linkout-9 = {http://www.librarything.com/isbn/2877723429},
    edition = {ERRANCE},
    howpublished = {Hardcover},
    isbn = {2877723429},
    keywords = {rome},
    posted-at = {2015-08-09 16:00:15},
    priority = {2},
    publisher = {ERRANCE},
    title = {Voyage chez les empereurs romains},
    url = {http://www.amazon.com/exec/obidos/redirect?tag=citeulike07-20\&path=ASIN/2877723429},
    year = {2006}
}

@book{Yourcenar1977,
    author = {Yourcenar, Marguerite},
    citeulike-article-id = {13698658},
    citeulike-linkout-0 = {http://www.amazon.ca/exec/obidos/redirect?tag=citeulike09-20\&amp;path=ASIN/2070369218},
    citeulike-linkout-1 = {http://www.amazon.de/exec/obidos/redirect?tag=citeulike01-21\&amp;path=ASIN/2070369218},
    citeulike-linkout-2 = {http://www.amazon.fr/exec/obidos/redirect?tag=citeulike06-21\&amp;path=ASIN/2070369218},
    citeulike-linkout-3 = {http://www.amazon.jp/exec/obidos/ASIN/2070369218},
    citeulike-linkout-4 = {http://www.amazon.co.uk/exec/obidos/ASIN/2070369218/citeulike00-21},
    citeulike-linkout-5 = {http://www.amazon.com/exec/obidos/redirect?tag=citeulike07-20\&path=ASIN/2070369218},
    citeulike-linkout-6 = {http://www.worldcat.org/isbn/2070369218},
    citeulike-linkout-7 = {http://books.google.com/books?vid=ISBN2070369218},
    citeulike-linkout-8 = {http://www.amazon.com/gp/search?keywords=2070369218\&index=books\&linkCode=qs},
    citeulike-linkout-9 = {http://www.librarything.com/isbn/2070369218},
    edition = {Edition Unstated},
    howpublished = {Mass Market Paperback},
    isbn = {2070369218},
    keywords = {rome},
    posted-at = {2015-08-09 15:56:26},
    priority = {2},
    publisher = {Gallimard},
    title = {Memoires {D'Hadrien}},
    url = {http://www.amazon.com/exec/obidos/redirect?tag=citeulike07-20\&path=ASIN/2070369218},
    year = {1977}
}

@book{Christol1990,
    author = {Christol, Michel},
    citeulike-article-id = {13698648},
    citeulike-linkout-0 = {http://www.amazon.ca/exec/obidos/redirect?tag=citeulike09-20\&amp;path=ASIN/2011403200},
    citeulike-linkout-1 = {http://www.amazon.de/exec/obidos/redirect?tag=citeulike01-21\&amp;path=ASIN/2011403200},
    citeulike-linkout-2 = {http://www.amazon.fr/exec/obidos/redirect?tag=citeulike06-21\&amp;path=ASIN/2011403200},
    citeulike-linkout-3 = {http://www.amazon.jp/exec/obidos/ASIN/2011403200},
    citeulike-linkout-4 = {http://www.amazon.co.uk/exec/obidos/ASIN/2011403200/citeulike00-21},
    citeulike-linkout-5 = {http://www.amazon.com/exec/obidos/redirect?tag=citeulike07-20\&path=ASIN/2011403200},
    citeulike-linkout-6 = {http://www.worldcat.org/isbn/2011403200},
    citeulike-linkout-7 = {http://books.google.com/books?vid=ISBN2011403200},
    citeulike-linkout-8 = {http://www.amazon.com/gp/search?keywords=2011403200\&index=books\&linkCode=qs},
    citeulike-linkout-9 = {http://www.librarything.com/isbn/2011403200},
    howpublished = {Paperback},
    isbn = {2011403200},
    keywords = {rome},
    posted-at = {2015-08-09 14:54:40},
    priority = {2},
    publisher = {Hachette \'{E}ducation},
    title = {Rome et son empire},
    url = {http://www.amazon.com/exec/obidos/redirect?tag=citeulike07-20\&path=ASIN/2011403200}
}

@book{LeGlay1991,
    author = {Le Glay, Marcel and Voisin, Jean-Louis and Le Bohec, Yann},
    citeulike-article-id = {13527068},
    citeulike-linkout-0 = {http://www.amazon.ca/exec/obidos/redirect?tag=citeulike09-20\&amp;path=ASIN/2130589103},
    citeulike-linkout-1 = {http://www.amazon.de/exec/obidos/redirect?tag=citeulike01-21\&amp;path=ASIN/2130589103},
    citeulike-linkout-2 = {http://www.amazon.fr/exec/obidos/redirect?tag=citeulike06-21\&amp;path=ASIN/2130589103},
    citeulike-linkout-3 = {http://www.amazon.jp/exec/obidos/ASIN/2130589103},
    citeulike-linkout-4 = {http://www.amazon.co.uk/exec/obidos/ASIN/2130589103/citeulike00-21},
    citeulike-linkout-5 = {http://www.amazon.com/exec/obidos/redirect?tag=citeulike07-20\&path=ASIN/2130589103},
    citeulike-linkout-6 = {http://www.worldcat.org/isbn/2130589103},
    citeulike-linkout-7 = {http://books.google.com/books?vid=ISBN2130589103},
    citeulike-linkout-8 = {http://www.amazon.com/gp/search?keywords=2130589103\&index=books\&linkCode=qs},
    citeulike-linkout-9 = {http://www.librarything.com/isbn/2130589103},
    edition = {PUF},
    howpublished = {Paperback},
    isbn = {2130589103},
    keywords = {rome},
    posted-at = {2015-02-24 21:35:29},
    priority = {2},
    publisher = {Presses Universitaires de France - PUF},
    title = {Histoire romaine},
    url = {http://www.amazon.com/exec/obidos/redirect?tag=citeulike07-20\&path=ASIN/2130589103},
    year = {1991}
}

