@book{TiteLiveXXVI,
    author = {Tite-Live},
    citeulike-article-id = {13838406},
    keywords = {rome},
    posted-at = {2015-11-14 15:38:36},
    priority = {2},
    publisher = {Flammarion},
    title = {Histoire romaine, livres {XXVI} \`{a} {XXX} : La seconde guerre punique {II}},
    year = {1999}
}

@book{TiteLiveXLI,
    author = {Tite-Live},
    citeulike-article-id = {13838404},
    keywords = {rome},
    posted-at = {2015-11-14 15:37:47},
    priority = {2},
    publisher = {Flammarion},
    title = {Histoire romaine, livres {XLI} \`{a} {XLV} : Les progr\`{e}s de l'h\'{e}g\'{e}monie romaine},
    year = {1999}
}

@book{TiteLiveVI,
    author = {Tite-Live},
    citeulike-article-id = {13838401},
    keywords = {rome},
    posted-at = {2015-11-14 15:33:02},
    priority = {2},
    publisher = {Flammarion},
    title = {Histoire romaine, livres {VI} \`{a} X : La conqu\^{e}te de {l'Italie}},
    year = {1999}
}

@book{TiteLiveXXI,
    author = {Tite-Live},
    citeulike-article-id = {13838400},
    keywords = {rome},
    posted-at = {2015-11-14 15:32:14},
    priority = {2},
    publisher = {Flammarion},
    title = {Histoire romaine, livres {XXI} \`{a} {XXV} : La seconde guerre punique I},
    year = {1999}
}

@book{TiteLiveXXXI,
    author = {Tite-Live},
    citeulike-article-id = {13838399},
    keywords = {rome},
    posted-at = {2015-11-14 15:31:31},
    priority = {2},
    publisher = {Flammarion},
    title = {Histoire romaine, livres {XXXI} \`{a} {XXXV} : La lib\'{e}ration de la Gr\`{e}ce},
    year = {1999}
}

@book{TiteLiveI,
    author = {Tite-Live},
    citeulike-article-id = {13838397},
    keywords = {rome},
    posted-at = {2015-11-14 15:28:53},
    priority = {2},
    publisher = {Flammarion},
    title = {Histoire romaine, livre I \`{a} V : De la fondation de Rome \`{a} l'invasion gauloise},
    year = {1999}
}

@book{LeBohec2005,
    author = {Le Bohec, Yann},
    citeulike-article-id = {13698664},
    citeulike-linkout-0 = {http://www.amazon.ca/exec/obidos/redirect?tag=citeulike09-20\&amp;path=ASIN/2708407449},
    citeulike-linkout-1 = {http://www.amazon.de/exec/obidos/redirect?tag=citeulike01-21\&amp;path=ASIN/2708407449},
    citeulike-linkout-2 = {http://www.amazon.fr/exec/obidos/redirect?tag=citeulike06-21\&amp;path=ASIN/2708407449},
    citeulike-linkout-3 = {http://www.amazon.jp/exec/obidos/ASIN/2708407449},
    citeulike-linkout-4 = {http://www.amazon.co.uk/exec/obidos/ASIN/2708407449/citeulike00-21},
    citeulike-linkout-5 = {http://www.amazon.com/exec/obidos/redirect?tag=citeulike07-20\&path=ASIN/2708407449},
    citeulike-linkout-6 = {http://www.worldcat.org/isbn/2708407449},
    citeulike-linkout-7 = {http://books.google.com/books?vid=ISBN2708407449},
    citeulike-linkout-8 = {http://www.amazon.com/gp/search?keywords=2708407449\&index=books\&linkCode=qs},
    citeulike-linkout-9 = {http://www.librarything.com/isbn/2708407449},
    edition = {PICARD},
    howpublished = {Paperback},
    isbn = {2708407449},
    keywords = {rome},
    posted-at = {2015-08-09 16:14:40},
    priority = {2},
    publisher = {PICARD},
    title = {L'arm\'{e}e romaine sous le {Haut-Empire}},
    url = {http://www.amazon.com/exec/obidos/redirect?tag=citeulike07-20\&path=ASIN/2708407449},
    year = {2005}
}

@book{LeBohec2006,
    author = {Le Bohec, Yann},
    citeulike-article-id = {13698663},
    citeulike-linkout-0 = {http://www.amazon.ca/exec/obidos/redirect?tag=citeulike09-20\&amp;path=ASIN/2708407651},
    citeulike-linkout-1 = {http://www.amazon.de/exec/obidos/redirect?tag=citeulike01-21\&amp;path=ASIN/2708407651},
    citeulike-linkout-2 = {http://www.amazon.fr/exec/obidos/redirect?tag=citeulike06-21\&amp;path=ASIN/2708407651},
    citeulike-linkout-3 = {http://www.amazon.jp/exec/obidos/ASIN/2708407651},
    citeulike-linkout-4 = {http://www.amazon.co.uk/exec/obidos/ASIN/2708407651/citeulike00-21},
    citeulike-linkout-5 = {http://www.amazon.com/exec/obidos/redirect?tag=citeulike07-20\&path=ASIN/2708407651},
    citeulike-linkout-6 = {http://www.worldcat.org/isbn/2708407651},
    citeulike-linkout-7 = {http://books.google.com/books?vid=ISBN2708407651},
    citeulike-linkout-8 = {http://www.amazon.com/gp/search?keywords=2708407651\&index=books\&linkCode=qs},
    citeulike-linkout-9 = {http://www.librarything.com/isbn/2708407651},
    howpublished = {Paperback},
    isbn = {2708407651},
    keywords = {rome},
    posted-at = {2015-08-09 16:13:59},
    priority = {2},
    publisher = {A. et J. Picard},
    title = {{L'Arm\'{e}e} Romaine sous le {Bas-Empire}},
    url = {http://www.amazon.com/exec/obidos/redirect?tag=citeulike07-20\&path=ASIN/2708407651}
}

@book{Golvin2006,
    author = {Golvin, Jean-Claude and Salles, Catherine},
    citeulike-article-id = {13698660},
    citeulike-linkout-0 = {http://www.amazon.ca/exec/obidos/redirect?tag=citeulike09-20\&amp;path=ASIN/2877723429},
    citeulike-linkout-1 = {http://www.amazon.de/exec/obidos/redirect?tag=citeulike01-21\&amp;path=ASIN/2877723429},
    citeulike-linkout-2 = {http://www.amazon.fr/exec/obidos/redirect?tag=citeulike06-21\&amp;path=ASIN/2877723429},
    citeulike-linkout-3 = {http://www.amazon.jp/exec/obidos/ASIN/2877723429},
    citeulike-linkout-4 = {http://www.amazon.co.uk/exec/obidos/ASIN/2877723429/citeulike00-21},
    citeulike-linkout-5 = {http://www.amazon.com/exec/obidos/redirect?tag=citeulike07-20\&path=ASIN/2877723429},
    citeulike-linkout-6 = {http://www.worldcat.org/isbn/2877723429},
    citeulike-linkout-7 = {http://books.google.com/books?vid=ISBN2877723429},
    citeulike-linkout-8 = {http://www.amazon.com/gp/search?keywords=2877723429\&index=books\&linkCode=qs},
    citeulike-linkout-9 = {http://www.librarything.com/isbn/2877723429},
    edition = {ERRANCE},
    howpublished = {Hardcover},
    isbn = {2877723429},
    keywords = {rome},
    posted-at = {2015-08-09 16:00:15},
    priority = {2},
    publisher = {ERRANCE},
    title = {Voyage chez les empereurs romains},
    url = {http://www.amazon.com/exec/obidos/redirect?tag=citeulike07-20\&path=ASIN/2877723429},
    year = {2006}
}

@book{Yourcenar1977,
    author = {Yourcenar, Marguerite},
    citeulike-article-id = {13698658},
    citeulike-linkout-0 = {http://www.amazon.ca/exec/obidos/redirect?tag=citeulike09-20\&amp;path=ASIN/2070369218},
    citeulike-linkout-1 = {http://www.amazon.de/exec/obidos/redirect?tag=citeulike01-21\&amp;path=ASIN/2070369218},
    citeulike-linkout-2 = {http://www.amazon.fr/exec/obidos/redirect?tag=citeulike06-21\&amp;path=ASIN/2070369218},
    citeulike-linkout-3 = {http://www.amazon.jp/exec/obidos/ASIN/2070369218},
    citeulike-linkout-4 = {http://www.amazon.co.uk/exec/obidos/ASIN/2070369218/citeulike00-21},
    citeulike-linkout-5 = {http://www.amazon.com/exec/obidos/redirect?tag=citeulike07-20\&path=ASIN/2070369218},
    citeulike-linkout-6 = {http://www.worldcat.org/isbn/2070369218},
    citeulike-linkout-7 = {http://books.google.com/books?vid=ISBN2070369218},
    citeulike-linkout-8 = {http://www.amazon.com/gp/search?keywords=2070369218\&index=books\&linkCode=qs},
    citeulike-linkout-9 = {http://www.librarything.com/isbn/2070369218},
    edition = {Edition Unstated},
    howpublished = {Mass Market Paperback},
    isbn = {2070369218},
    keywords = {rome},
    posted-at = {2015-08-09 15:56:26},
    priority = {2},
    publisher = {Gallimard},
    title = {Memoires {D'Hadrien}},
    url = {http://www.amazon.com/exec/obidos/redirect?tag=citeulike07-20\&path=ASIN/2070369218},
    year = {1977}
}

@book{Christol1990,
    author = {Christol, Michel},
    citeulike-article-id = {13698648},
    citeulike-linkout-0 = {http://www.amazon.ca/exec/obidos/redirect?tag=citeulike09-20\&amp;path=ASIN/2011403200},
    citeulike-linkout-1 = {http://www.amazon.de/exec/obidos/redirect?tag=citeulike01-21\&amp;path=ASIN/2011403200},
    citeulike-linkout-2 = {http://www.amazon.fr/exec/obidos/redirect?tag=citeulike06-21\&amp;path=ASIN/2011403200},
    citeulike-linkout-3 = {http://www.amazon.jp/exec/obidos/ASIN/2011403200},
    citeulike-linkout-4 = {http://www.amazon.co.uk/exec/obidos/ASIN/2011403200/citeulike00-21},
    citeulike-linkout-5 = {http://www.amazon.com/exec/obidos/redirect?tag=citeulike07-20\&path=ASIN/2011403200},
    citeulike-linkout-6 = {http://www.worldcat.org/isbn/2011403200},
    citeulike-linkout-7 = {http://books.google.com/books?vid=ISBN2011403200},
    citeulike-linkout-8 = {http://www.amazon.com/gp/search?keywords=2011403200\&index=books\&linkCode=qs},
    citeulike-linkout-9 = {http://www.librarything.com/isbn/2011403200},
    howpublished = {Paperback},
    isbn = {2011403200},
    keywords = {rome},
    posted-at = {2015-08-09 14:54:40},
    priority = {2},
    publisher = {Hachette \'{E}ducation},
    title = {Rome et son empire},
    url = {http://www.amazon.com/exec/obidos/redirect?tag=citeulike07-20\&path=ASIN/2011403200}
}

@book{LeGlay1991,
    author = {Le Glay, Marcel and Voisin, Jean-Louis and Le Bohec, Yann},
    citeulike-article-id = {13527068},
    citeulike-linkout-0 = {http://www.amazon.ca/exec/obidos/redirect?tag=citeulike09-20\&amp;path=ASIN/2130589103},
    citeulike-linkout-1 = {http://www.amazon.de/exec/obidos/redirect?tag=citeulike01-21\&amp;path=ASIN/2130589103},
    citeulike-linkout-2 = {http://www.amazon.fr/exec/obidos/redirect?tag=citeulike06-21\&amp;path=ASIN/2130589103},
    citeulike-linkout-3 = {http://www.amazon.jp/exec/obidos/ASIN/2130589103},
    citeulike-linkout-4 = {http://www.amazon.co.uk/exec/obidos/ASIN/2130589103/citeulike00-21},
    citeulike-linkout-5 = {http://www.amazon.com/exec/obidos/redirect?tag=citeulike07-20\&path=ASIN/2130589103},
    citeulike-linkout-6 = {http://www.worldcat.org/isbn/2130589103},
    citeulike-linkout-7 = {http://books.google.com/books?vid=ISBN2130589103},
    citeulike-linkout-8 = {http://www.amazon.com/gp/search?keywords=2130589103\&index=books\&linkCode=qs},
    citeulike-linkout-9 = {http://www.librarything.com/isbn/2130589103},
    edition = {PUF},
    howpublished = {Paperback},
    isbn = {2130589103},
    keywords = {rome},
    posted-at = {2015-02-24 21:35:29},
    priority = {2},
    publisher = {Presses Universitaires de France - PUF},
    title = {Histoire romaine},
    url = {http://www.amazon.com/exec/obidos/redirect?tag=citeulike07-20\&path=ASIN/2130589103},
    year = {1991}
}

